<collection xmlns="http://www.loc.gov/MARC21/slim"><record><leader>00547nam  2200169   450</leader><controlfield tag="001">539</controlfield><controlfield tag="003">http://montalegre.opacnet.com/OPAC/default.aspx?ContentAreaControl=ShowRegHoldings.ascx&amp;RegNo=16662</controlfield><datafield tag="100" ind1=" " ind2=" "><subfield code="a">20070521d1980    m  y0pory010305  ba</subfield></datafield><datafield tag="101" ind1="0" ind2=" "><subfield code="a">por</subfield></datafield><datafield tag="102" ind1=" " ind2=" "><subfield code="a">PT</subfield></datafield><datafield tag="200" ind1="1" ind2=" "><subfield code="a">Dicionário português-inglês</subfield><subfield code="f">Manuel J. Martins</subfield></datafield><datafield tag="205" ind1=" " ind2=" "><subfield code="a">2ª ed</subfield></datafield><datafield tag="210" ind1=" " ind2=" "><subfield code="a">Porto</subfield><subfield code="c">Editorial Domingos Barreira</subfield><subfield code="d">imp. 1980</subfield></datafield><datafield tag="215" ind1=" " ind2=" "><subfield code="a">1039 p.</subfield><subfield code="d">23 cm</subfield></datafield><datafield tag="700" ind1=" " ind2="1"><subfield code="a">Martins</subfield><subfield code="b">Manuel J.</subfield></datafield><datafield tag="801" ind1=" " ind2="0"><subfield code="a">PT</subfield><subfield code="b">Biblioteca Municipal de Montalegre</subfield><subfield code="g">RPC</subfield></datafield><datafield tag="856" ind1=" " ind2=" "><subfield code="u">locateMedia.asp?cod=20070521105701&amp;ext=jpg</subfield><subfield code="z">CAPA</subfield></datafield><datafield tag="909" ind1="&#9;" ind2=" "><subfield code="a">1</subfield></datafield><datafield tag="966" ind1=" " ind2=" "><subfield code="a">0003779</subfield><subfield code="l">BMM</subfield><subfield code="s">SCG 030 MAR dic</subfield></datafield></record></collection>